@article{porta2006point,
  title={Point-based value iteration for continuous POMDPs},
  author={Porta, Josep M and Vlassis, Nikos and Spaan, Matthijs TJ and Poupart, Pascal},
  journal={Journal of Machine Learning Research},
  volume={7},
  number={Nov},
  pages={2329--2367},
  year={2006}
}

@article{kaelbling1998planning,
  title={Planning and acting in partially observable stochastic domains},
  author={Kaelbling, Leslie Pack and Littman, Michael L and Cassandra, Anthony R},
  journal={Artificial intelligence},
  volume={101},
  number={1},
  pages={99--134},
  year={1998},
  publisher={Elsevier}
}

@inproceedings{kurniawati2008sarsop,
  title={SARSOP: Efficient Point-Based POMDP Planning by Approximating Optimally Reachable Belief Spaces.},
  author={Kurniawati, Hanna and Hsu, David and Lee, Wee Sun},
  booktitle={Robotics: Science and Systems},
  volume={2008},
  year={2008},
  organization={Zurich, Switzerland}
}

@inproceedings{pineau2003point,
  title={Point-based value iteration: An anytime algorithm for POMDPs},
  author={Pineau, Joelle and Gordon, Geoff and Thrun, Sebastian and others},
  booktitle={IJCAI},
  volume={3},
  pages={1025--1032},
  year={2003}
}

@article{doshi2008spoken,
  title={Spoken language interaction with model uncertainty: an adaptive human--robot interaction system},
  author={Doshi, Finale and Roy, Nicholas},
  journal={Connection Science},
  volume={20},
  number={4},
  pages={299--318},
  year={2008},
  publisher={Taylor \& Francis}
}

@misc{weld_2012, title={Partially Observable MDPS (POMDPs)}, url={https://courses.cs.washington.edu/courses/cse573/12au/slides/15-pomdp.pdf}, journal={CSE‚Äê473 Artificial Intelligence}, publisher={University of Washington}, author={Weld, Dan}, year={2012}}

@article{spaan2005perseus,
  title={Perseus: Randomized point-based value iteration for POMDPs},
  author={Spaan, Matthijs TJ and Vlassis, Nikos},
  journal={Journal of artificial intelligence research},
  volume={24},
  pages={195--220},
  year={2005}
}